
@book{kery2012bayesian,
  title={Bayesian population analysis using WinBUGS: a hierarchical perspective},
  author={K{\'e}ry, Marc and Schaub, Michael},
  year={2012},
  publisher={Academic Press}
}

@article{platte1987standard,
  title={Standard operating procedure for aerial waterfowl breeding ground populations and habitat surveys in North America},
  author={Platte, RM},
  journal={Ottawa, Ontario: US Fish and Wildlife service, Washington DC and Canadian Wildlife Service. 51 p},
  year={1987}
}

@article{bartelt1987analysis,
  title={Analysis of air/ground ratios from Wisconsin breeding duck survey, 1973-86},
  author={Bartelt, GA and Gatti, RC},
  journal={Wis. Dep. Nat. Resour., Bur. Research, 11pp},
  year={1987}
}

@inproceedings{bowers1975managing,
  title={Managing wood ducks by population units},
  author={Bowers, E Frank and Martin, FW},
  booktitle={Transactions of the North American Wildlife and Natural Resources Conference},
  volume={40},
  pages={300--324},
  year={1975}
}

@article{dooley2017canada,
  title={Canada goose derivations},
  author={Dooley, J},
  journal={US Fish and Wildlife Service unpublished memo. 6pp},
  year={2017}
}

@article{march1973breeding,
  title={Breeding duck populations and habitat in Wisconsin},
  author={March, James R and G.F. Martz and R.A. Hunt},
  year={1973}
}

@article{smith1995critical,
  title={A critical review of the aerial and ground surveys of breeding waterfowl in North America},
  author={Smith, Graham W},
  year={1995},
  publisher={US Department of the Interior, National Biological Service}
}